@article{Lemenkova2008b,
	 author = {Hans Werner Schenke and Polina Lemenkova},
	 title = {{Zur Frage der Meeresboden-Kartographie: Die Nutzung von AutoTrace Digitizer f\"{u}r die Vektorisierung der Bathymetrischen Daten in der Petschora-See}},
	 journal = {Hydrographische Nachrichten},
	 volume = 25, 
	 number = 81,
	 pages = {16--21},
	 language = {german},
	 langid = {english},
	 doi = {10.6084/m9.figshare.7435538},	 
	 month = 6,
	 year = 2008}	
		
@thesis{Lemenkova2007b,
	title = {{Using ArcGIS in Teaching Geosciences}},
	author = {Polina Lemenkova},
	school = {Lomonosov Moscow State University, Faculty of Educational Studies},
	editor = {Inna Suetova},
	address = {Moscow},
	pagetotal = 58,
	doi = {10.13140/RG.2.2.12357.70885},
	type = {B.Sc. Thesis},
	language = {russian},
	langid = {english},
	date = {2007-06-05},
	year = 2007}

@article{Lemenkova2007f,
	author = {Steffen Gauger and Gerhard Kuhn and Karsten Gohl and Thomas Feigl and Polina Lemenkova and Claus Hillenbrand},
	title = {{Swath-bathymetric mapping}},
	journal={The expedition ANTARKTIS-XXIII/4 of the Research Vessel 'Polarstern' in 2006}, 
	volume = 557,
	publisher = {Alfred Wegener Institute f\"{u}r Polar- und Meeresforschung},
%	editor = {Karsten Gohl},
%	address = {Bremerhaven, Germany},
	pages = {38--45},
%	addendum = {In English Ant. Acc. No.: 85104. CRREL Acc. No.: 63000887; illus., incl. sketch maps},
%	url = {https://www.coldregions.org/vufind/Record/288392},
	doi = {10.6084/m9.figshare.7439231},
	options = {maxnames=99},
	language = {english},
	langid = {english},
	keywords = {article},
	year = 2007}	

@report{Lemenkova2006a,
	author = {Karsten Gohl and Gabriele Uenzelmann-Neben and Graeme Eagles and Fahl, A. and Thomas Feigl and Jan Grobys and Julia Just and Volker Leinweber and Lensch, N. and Mayr, C. and Parsiegla, N. and Rackebrandt, N. and Schloter, P. and Suckro, S. and Zimmermann, K. and Steffen Gauger and Bohlmann, H. and Gesa Luise Netzeband and Polina Lemenkova},
	options = {maxnames=10},
    	 title = {{Crustal and Sedimentary Structures and Geodynamic Evolution of the West Antarctic Continental Margin and Pine Island Bay}},
        	 howpublished = {Alfred Wegener Institute},
	 address = {Bremerhaven, Germany},
	 doi = {10.13140/RG.2.2.16473.36961},
%	 doi+an = {=openaccess},
%	 url = {https://epic.Alfred Wegener Institute.de/29852/1/PE_75.pdf},
	 keywords = {report},
	 language = {english},
	 langid = {english},
	 year = 2006}
		
@article{Lemenkova2005a,
	author = {Inna Suetova and Ludmila Ushakova and Polina Lemenkova},
	title = {{Geoinformation mapping of the Barents and Pechora Seas}},
	journal = {Geography and Natural Resources}, 
	volume = 4,
	pages = {138--142},
	doi = {10.6084/m9.figshare.7435535},
	language = {english},
	langid = {english},
	keywords = {article},
	month = 12,
	year = 2005}	

@thesis{Lemenkova2004a,
	author = {Polina Lemenkova},
	title = {{Geoecological Mapping of the Barents and Pechora Seas}},
	school = {Lomonosov Moscow State University, Faculty of Geography, Department of Cartography and Geoinformatics},
	address = {Moscow, Russia},
	editor = {Inna Suetova and Ludmila Ushakova},
	pagetotal = 78,
	type = {B.Sc. Thesis},
	keywords = {thesis},
	doi = {10.13140/RG.2.2.25360.05122},
	language = {russian},
	langid = {english},
	date = {2004-05-18},
	year = 2004}

@misc{Lemenkova2002b,
	title = {{Ecological and Geographical Mapping of the Baltic Sea Region in the Gulf of Finland}},
	author = {Polina Lemenkova},
	doi = {10.6084/m9.figshare.7294661},
	doi+an = {=openaccess},
	pagetotal = 27,
	addendum = {Term Paper},
	organization = {Lomonosov Moscow State University},
	location = {Moscow},
	keywords = {student},
	language = {russian},
	langid = {english},
	date = {2002-03-30},
	year = 2002}